%YAML 1.1
%TAG !u! tag:unity3d.com,2011:
--- !u!1 &130126
GameObject:
  m_ObjectHideFlags: 0
  m_PrefabParentObject: {fileID: 0}
  m_PrefabInternal: {fileID: 100100000}
  serializedVersion: 4
  m_Component:
  - 4: {fileID: 466756}
  - 212: {fileID: 21245952}
  - 61: {fileID: 6135892}
  - 114: {fileID: 11423222}
  - 114: {fileID: 11480048}
  m_Layer: 26
  m_Name: Item_great_torso_#7_ItemDatabase_PFB
  m_TagString: Untagged
  m_Icon: {fileID: 0}
  m_NavMeshLayer: 0
  m_StaticEditorFlags: 0
  m_IsActive: 1
--- !u!4 &466756
Transform:
  m_ObjectHideFlags: 1
  m_PrefabParentObject: {fileID: 0}
  m_PrefabInternal: {fileID: 100100000}
  m_GameObject: {fileID: 130126}
  m_LocalRotation: {x: 0, y: 0, z: 0, w: 1}
  m_LocalPosition: {x: 0, y: 0, z: 0}
  m_LocalScale: {x: 1, y: 1, z: 1}
  m_Children: []
  m_Father: {fileID: 0}
  m_RootOrder: 0
--- !u!61 &6135892
BoxCollider2D:
  m_ObjectHideFlags: 1
  m_PrefabParentObject: {fileID: 0}
  m_PrefabInternal: {fileID: 100100000}
  m_GameObject: {fileID: 130126}
  m_Enabled: 1
  m_Density: 1
  m_Material: {fileID: 0}
  m_IsTrigger: 1
  m_UsedByEffector: 0
  m_Offset: {x: 0, y: 0}
  serializedVersion: 2
  m_Size: {x: 1, y: 1}
--- !u!114 &11423222
MonoBehaviour:
  m_ObjectHideFlags: 1
  m_PrefabParentObject: {fileID: 0}
  m_PrefabInternal: {fileID: 100100000}
  m_GameObject: {fileID: 130126}
  m_Enabled: 1
  m_EditorHideFlags: 0
  m_Script: {fileID: 11500000, guid: 3c3f827c7ef6b6146bd814e400dae5c0, type: 3}
  m_Name: 
  m_EditorClassIdentifier: 
  _id: 7
  _name: Great Torso
  _description: 
  _category: 2
  _useCategoryCooldown: 1
  _overrideDropObjectPrefab: {fileID: 0}
  _icon: {fileID: 21300000, guid: d57c24f0ed4846b44a0690251ece4536, type: 3}
  _layoutSizeCols: 1
  _layoutSizeRows: 1
  _weight: 0
  _requiredLevel: 0
  _rarity: 3
  _properties:
  - _propertyID: 3
    value: 15
    isFactor: 0
    actionEffect: 1
  _usageRequirementProperties: []
  _buyPrice:
    _currencyID: 0
    _amount: 0
  _sellPrice:
    _currencyID: 0
    _amount: 0
  _isDroppable: 1
  _isSellable: 1
  _isStorable: 1
  _maxStackSize: 1
  _cooldownTime: 0
  _equipType: 1
  playOnEquip:
    audioClip: {fileID: 0}
    volume: 1
    pitch: 1
    loop: 0
  equipVisually: 0
  equipPosition: {x: 0, y: 0, z: 0}
  equipRotation: {x: 0, y: 0, z: 0, w: 0}
--- !u!114 &11480048
MonoBehaviour:
  m_ObjectHideFlags: 1
  m_PrefabParentObject: {fileID: 0}
  m_PrefabInternal: {fileID: 100100000}
  m_GameObject: {fileID: 130126}
  m_Enabled: 1
  m_EditorHideFlags: 0
  m_Script: {fileID: 11500000, guid: ba77e3e4ff91e1c408d6d8c5dd12ad13, type: 3}
  m_Name: 
  m_EditorClassIdentifier: 
--- !u!212 &21245952
SpriteRenderer:
  m_ObjectHideFlags: 1
  m_PrefabParentObject: {fileID: 0}
  m_PrefabInternal: {fileID: 100100000}
  m_GameObject: {fileID: 130126}
  m_Enabled: 1
  m_CastShadows: 0
  m_ReceiveShadows: 0
  m_Materials:
  - {fileID: 10754, guid: 0000000000000000e000000000000000, type: 0}
  m_SubsetIndices: 
  m_StaticBatchRoot: {fileID: 0}
  m_UseLightProbes: 0
  m_ReflectionProbeUsage: 0
  m_ProbeAnchor: {fileID: 0}
  m_ScaleInLightmap: 1
  m_PreserveUVs: 0
  m_IgnoreNormalsForChartDetection: 0
  m_ImportantGI: 0
  m_MinimumChartSize: 4
  m_AutoUVMaxDistance: 0.5
  m_AutoUVMaxAngle: 89
  m_LightmapParameters: {fileID: 0}
  m_SortingLayerID: 0
  m_SortingOrder: 0
  m_Sprite: {fileID: 10913, guid: 0000000000000000f000000000000000, type: 0}
  m_Color: {r: 0.21176471, g: 0.67058825, b: 1, a: 1}
  m_FlipX: 0
  m_FlipY: 0
--- !u!1001 &100100000
Prefab:
  m_ObjectHideFlags: 1
  serializedVersion: 2
  m_Modification:
    m_TransformParent: {fileID: 0}
    m_Modifications: []
    m_RemovedComponents: []
  m_ParentPrefab: {fileID: 0}
  m_RootGameObject: {fileID: 130126}
  m_IsPrefabParent: 1
