%YAML 1.1
%TAG !u! tag:unity3d.com,2011:
--- !u!1 &193470
GameObject:
  m_ObjectHideFlags: 0
  m_PrefabParentObject: {fileID: 0}
  m_PrefabInternal: {fileID: 100100000}
  serializedVersion: 4
  m_Component:
  - 4: {fileID: 495792}
  - 33: {fileID: 3371620}
  - 65: {fileID: 6595344}
  - 23: {fileID: 2385482}
  - 114: {fileID: 11427170}
  - 114: {fileID: 11496582}
  - 135: {fileID: 13576476}
  - 54: {fileID: 5475330}
  m_Layer: 21
  m_Name: Item_quest_scroll_#22_DialogueItemDatabase_PFB
  m_TagString: Untagged
  m_Icon: {fileID: 0}
  m_NavMeshLayer: 0
  m_StaticEditorFlags: 0
  m_IsActive: 1
--- !u!4 &495792
Transform:
  m_ObjectHideFlags: 1
  m_PrefabParentObject: {fileID: 0}
  m_PrefabInternal: {fileID: 100100000}
  m_GameObject: {fileID: 193470}
  m_LocalRotation: {x: 0, y: 0, z: 0, w: 1}
  m_LocalPosition: {x: 0, y: 0, z: 0}
  m_LocalScale: {x: 1, y: 1, z: 1}
  m_Children: []
  m_Father: {fileID: 0}
  m_RootOrder: 0
--- !u!23 &2385482
MeshRenderer:
  m_ObjectHideFlags: 1
  m_PrefabParentObject: {fileID: 0}
  m_PrefabInternal: {fileID: 100100000}
  m_GameObject: {fileID: 193470}
  m_Enabled: 1
  m_CastShadows: 1
  m_ReceiveShadows: 1
  m_Materials:
  - {fileID: 10303, guid: 0000000000000000f000000000000000, type: 0}
  m_SubsetIndices: 
  m_StaticBatchRoot: {fileID: 0}
  m_UseLightProbes: 1
  m_ReflectionProbeUsage: 1
  m_ProbeAnchor: {fileID: 0}
  m_ScaleInLightmap: 1
  m_PreserveUVs: 1
  m_IgnoreNormalsForChartDetection: 0
  m_ImportantGI: 0
  m_MinimumChartSize: 4
  m_AutoUVMaxDistance: 0.5
  m_AutoUVMaxAngle: 89
  m_LightmapParameters: {fileID: 0}
  m_SortingLayerID: 0
  m_SortingOrder: 0
--- !u!33 &3371620
MeshFilter:
  m_ObjectHideFlags: 1
  m_PrefabParentObject: {fileID: 0}
  m_PrefabInternal: {fileID: 100100000}
  m_GameObject: {fileID: 193470}
  m_Mesh: {fileID: 10202, guid: 0000000000000000e000000000000000, type: 0}
--- !u!54 &5475330
Rigidbody:
  m_ObjectHideFlags: 1
  m_PrefabParentObject: {fileID: 0}
  m_PrefabInternal: {fileID: 100100000}
  m_GameObject: {fileID: 193470}
  serializedVersion: 2
  m_Mass: 1
  m_Drag: 0
  m_AngularDrag: 0.05
  m_UseGravity: 1
  m_IsKinematic: 0
  m_Interpolate: 0
  m_Constraints: 0
  m_CollisionDetection: 0
--- !u!65 &6595344
BoxCollider:
  m_ObjectHideFlags: 1
  m_PrefabParentObject: {fileID: 0}
  m_PrefabInternal: {fileID: 100100000}
  m_GameObject: {fileID: 193470}
  m_Material: {fileID: 0}
  m_IsTrigger: 0
  m_Enabled: 1
  serializedVersion: 2
  m_Size: {x: 1, y: 1, z: 1}
  m_Center: {x: 0, y: 0, z: 0}
--- !u!114 &11427170
MonoBehaviour:
  m_ObjectHideFlags: 1
  m_PrefabParentObject: {fileID: 0}
  m_PrefabInternal: {fileID: 100100000}
  m_GameObject: {fileID: 193470}
  m_Enabled: 1
  m_EditorHideFlags: 0
  m_Script: {fileID: 11500000, guid: 9250603dfa80fb349bba490751025d92, type: 3}
  m_Name: 
  m_EditorClassIdentifier: 
  _name: 5175657374207363726f6c6c
  _description: 41206d61676963616c207363726f6c6c2077697468206120726571756573742e
  _useCategoryCooldown: 1
  _overrideDropObjectPrefab: {fileID: 0}
  _icon: {fileID: 21300306, guid: bddecc020f6bf0445b97e3d1be62d39c, type: 3}
  _weight: 0.1
  _properties: []
  _usageRequirementProperties: []
  _buyPrice:
    _amount: 0
  _sellPrice:
    _amount: 0
  _isDroppable: 0
  _isSellable: 0
  _isStorable: 1
  _cooldownTime: 0
  audioClipWhenUsed:
    audioClip: {fileID: 0}
    volume: 1
    pitch: 1
    loop: 0
  acceptMessage: 4163636570746564207b307d
  questAlreadyActiveMessage: 7b307d20697320616c726561647920616374697665
  canUseAfterQuestAlreadyCompleted: 0
  questAlreadyUsedMessage: 7b307d20697320616c726561647920646f6e65
  _dialogueSystemQuestID: 4
--- !u!114 &11496582
MonoBehaviour:
  m_ObjectHideFlags: 1
  m_PrefabParentObject: {fileID: 0}
  m_PrefabInternal: {fileID: 100100000}
  m_GameObject: {fileID: 193470}
  m_Enabled: 1
  m_EditorHideFlags: 0
  m_Script: {fileID: 11500000, guid: ba77e3e4ff91e1c408d6d8c5dd12ad13, type: 3}
  m_Name: 
  m_EditorClassIdentifier: 
--- !u!135 &13576476
SphereCollider:
  m_ObjectHideFlags: 1
  m_PrefabParentObject: {fileID: 0}
  m_PrefabInternal: {fileID: 100100000}
  m_GameObject: {fileID: 193470}
  m_Material: {fileID: 0}
  m_IsTrigger: 1
  m_Enabled: 1
  serializedVersion: 2
  m_Radius: 0.5
  m_Center: {x: 0, y: 0, z: 0}
--- !u!1001 &100100000
Prefab:
  m_ObjectHideFlags: 1
  serializedVersion: 2
  m_Modification:
    m_TransformParent: {fileID: 0}
    m_Modifications:
    - target: {fileID: 0}
      propertyPath: _name
      value: Quest scroll
      objectReference: {fileID: 0}
    - target: {fileID: 0}
      propertyPath: _description
      value: A magical scroll with a request.
      objectReference: {fileID: 0}
    - target: {fileID: 0}
      propertyPath: _icon
      value: 
      objectReference: {fileID: 21300306, guid: bddecc020f6bf0445b97e3d1be62d39c,
        type: 3}
    - target: {fileID: 0}
      propertyPath: _dialogueSystemQuestID
      value: 4
      objectReference: {fileID: 0}
    - target: {fileID: 0}
      propertyPath: _rarity
      value: 3
      objectReference: {fileID: 0}
    - target: {fileID: 0}
      propertyPath: _category
      value: 5
      objectReference: {fileID: 0}
    - target: {fileID: 0}
      propertyPath: _isDroppable
      value: 0
      objectReference: {fileID: 0}
    - target: {fileID: 0}
      propertyPath: _isSellable
      value: 0
      objectReference: {fileID: 0}
    - target: {fileID: 0}
      propertyPath: _maxStackSize
      value: 64
      objectReference: {fileID: 0}
    - target: {fileID: 0}
      propertyPath: _weight
      value: .100000001
      objectReference: {fileID: 0}
    - target: {fileID: 0}
      propertyPath: _layoutSizeCols
      value: 2
      objectReference: {fileID: 0}
    m_RemovedComponents: []
  m_ParentPrefab: {fileID: 0}
  m_RootGameObject: {fileID: 193470}
  m_IsPrefabParent: 1
