%YAML 1.1
%TAG !u! tag:unity3d.com,2011:
--- !u!1 &164082
GameObject:
  m_ObjectHideFlags: 0
  m_PrefabParentObject: {fileID: 0}
  m_PrefabInternal: {fileID: 100100000}
  serializedVersion: 4
  m_Component:
  - 4: {fileID: 461090}
  - 33: {fileID: 3322394}
  - 65: {fileID: 6561416}
  - 23: {fileID: 2385228}
  - 114: {fileID: 11446764}
  - 114: {fileID: 11461242}
  - 135: {fileID: 13554986}
  - 54: {fileID: 5418426}
  - 114: {fileID: 11442276}
  - 114: {fileID: 11477636}
  m_Layer: 21
  m_Name: Item_item_pouch_(medium)_#18_ItemDatabase_PFB
  m_TagString: Untagged
  m_Icon: {fileID: 0}
  m_NavMeshLayer: 0
  m_StaticEditorFlags: 0
  m_IsActive: 1
--- !u!4 &461090
Transform:
  m_ObjectHideFlags: 1
  m_PrefabParentObject: {fileID: 0}
  m_PrefabInternal: {fileID: 100100000}
  m_GameObject: {fileID: 164082}
  m_LocalRotation: {x: 0, y: 0, z: 0, w: 1}
  m_LocalPosition: {x: 0, y: 0, z: 0}
  m_LocalScale: {x: 1, y: 1, z: 1}
  m_Children: []
  m_Father: {fileID: 0}
  m_RootOrder: 0
--- !u!23 &2385228
MeshRenderer:
  m_ObjectHideFlags: 1
  m_PrefabParentObject: {fileID: 0}
  m_PrefabInternal: {fileID: 100100000}
  m_GameObject: {fileID: 164082}
  m_Enabled: 1
  m_CastShadows: 1
  m_ReceiveShadows: 1
  m_Materials:
  - {fileID: 10303, guid: 0000000000000000f000000000000000, type: 0}
  m_SubsetIndices: 
  m_StaticBatchRoot: {fileID: 0}
  m_UseLightProbes: 1
  m_ReflectionProbeUsage: 1
  m_ProbeAnchor: {fileID: 0}
  m_ScaleInLightmap: 1
  m_PreserveUVs: 1
  m_IgnoreNormalsForChartDetection: 0
  m_ImportantGI: 0
  m_MinimumChartSize: 4
  m_AutoUVMaxDistance: 0.5
  m_AutoUVMaxAngle: 89
  m_LightmapParameters: {fileID: 0}
  m_SortingLayerID: 0
  m_SortingOrder: 0
--- !u!33 &3322394
MeshFilter:
  m_ObjectHideFlags: 1
  m_PrefabParentObject: {fileID: 0}
  m_PrefabInternal: {fileID: 100100000}
  m_GameObject: {fileID: 164082}
  m_Mesh: {fileID: 10202, guid: 0000000000000000e000000000000000, type: 0}
--- !u!54 &5418426
Rigidbody:
  m_ObjectHideFlags: 1
  m_PrefabParentObject: {fileID: 0}
  m_PrefabInternal: {fileID: 100100000}
  m_GameObject: {fileID: 164082}
  serializedVersion: 2
  m_Mass: 1
  m_Drag: 0
  m_AngularDrag: 0.05
  m_UseGravity: 1
  m_IsKinematic: 0
  m_Interpolate: 0
  m_Constraints: 0
  m_CollisionDetection: 0
--- !u!65 &6561416
BoxCollider:
  m_ObjectHideFlags: 1
  m_PrefabParentObject: {fileID: 0}
  m_PrefabInternal: {fileID: 100100000}
  m_GameObject: {fileID: 164082}
  m_Material: {fileID: 0}
  m_IsTrigger: 0
  m_Enabled: 1
  serializedVersion: 2
  m_Size: {x: 1, y: 1, z: 1}
  m_Center: {x: 0, y: 0, z: 0}
--- !u!114 &11442276
MonoBehaviour:
  m_ObjectHideFlags: 1
  m_PrefabParentObject: {fileID: 0}
  m_PrefabInternal: {fileID: 100100000}
  m_GameObject: {fileID: 164082}
  m_Enabled: 1
  m_EditorHideFlags: 0
  m_Script: {fileID: 11500000, guid: 05d341b194f740b4aa2076e8051bccf8, type: 3}
  m_Name: 
  m_EditorClassIdentifier: 
  filterGroups:
  - filters: []
    matchType: 0
    minAmount: 0
    maxAmount: 0
    minStackSize: 0
    maxStackSize: 0
    itemsChanceFactor: 0
  - filters: []
    matchType: 0
    minAmount: 0
    maxAmount: 0
    minStackSize: 0
    maxStackSize: 0
    itemsChanceFactor: 0
  generateAtGameStart: 1
  minAmountTotal: 2
  maxAmountTotal: 5
--- !u!114 &11446764
MonoBehaviour:
  m_ObjectHideFlags: 1
  m_PrefabParentObject: {fileID: 0}
  m_PrefabInternal: {fileID: 100100000}
  m_GameObject: {fileID: 164082}
  m_Enabled: 1
  m_EditorHideFlags: 0
  m_Script: {fileID: 11500000, guid: 7e3d19cddbbeaba4a9e4562fa4e4cd69, type: 3}
  m_Name: 
  m_EditorClassIdentifier: 
  _name: 4974656d20706f7563682028736d616c6c29
  _description: 4120706f75636820636f6e7461696e696e67206974656d73
  _useCategoryCooldown: 1
  _overrideDropObjectPrefab: {fileID: 0}
  _icon: {fileID: 21300304, guid: bddecc020f6bf0445b97e3d1be62d39c, type: 3}
  _weight: 2
  _properties: []
  _usageRequirementProperties: []
  _buyPrice:
    _amount: 65
  _sellPrice:
    _amount: 9
  _isDroppable: 1
  _isSellable: 1
  _isStorable: 1
  _cooldownTime: 0
  audioClipWhenUsed:
    audioClip: {fileID: 0}
    volume: 1
    pitch: 1
    loop: 0
  _items:
  - {fileID: 11439538, guid: b855851bf49ee9142aa3aa1f57a70a2d, type: 2}
  - {fileID: 11476484, guid: b9fc7d477df4a444593665a11edb2424, type: 2}
  generateItems: 1
  filterGroups:
  - filters:
    - restrictionType: 0
      filterType: 0
      stringValue: 446576646f672e496e76656e746f727953797374656d2e436f6e73756d61626c65496e76656e746f72794974656d2c20417373656d626c792d4353686172702c2056657273696f6e3d302e302e302e302c2043756c747572653d6e65757472616c2c205075626c69634b6579546f6b656e3d6e756c6c
      boolValue: 0
      floatValue: 0
      intValue: 0
    - restrictionType: 2
      filterType: 3
      stringValue: 
      boolValue: 0
      floatValue: 0
      intValue: 3
    matchType: 0
    minAmount: 1
    maxAmount: 3
    minStackSize: 1
    maxStackSize: 3
    itemsChanceFactor: 1
  - filters:
    - restrictionType: 0
      filterType: 0
      stringValue: 446576646f672e496e76656e746f727953797374656d2e45717569707061626c65496e76656e746f72794974656d2c20417373656d626c792d4353686172702c2056657273696f6e3d302e302e302e302c2043756c747572653d6e65757472616c2c205075626c69634b6579546f6b656e3d6e756c6c
      boolValue: 0
      floatValue: 0
      intValue: 0
    matchType: 0
    minAmount: 1
    maxAmount: 2
    minStackSize: 1
    maxStackSize: 1
    itemsChanceFactor: 1
  minAmountTotal: 2
  maxAmountTotal: 5
--- !u!114 &11461242
MonoBehaviour:
  m_ObjectHideFlags: 1
  m_PrefabParentObject: {fileID: 0}
  m_PrefabInternal: {fileID: 100100000}
  m_GameObject: {fileID: 164082}
  m_Enabled: 1
  m_EditorHideFlags: 0
  m_Script: {fileID: 11500000, guid: ba77e3e4ff91e1c408d6d8c5dd12ad13, type: 3}
  m_Name: 
  m_EditorClassIdentifier: 
--- !u!114 &11477636
MonoBehaviour:
  m_ObjectHideFlags: 1
  m_PrefabParentObject: {fileID: 0}
  m_PrefabInternal: {fileID: 100100000}
  m_GameObject: {fileID: 164082}
  m_Enabled: 1
  m_EditorHideFlags: 0
  m_Script: {fileID: 11500000, guid: 7e3d19cddbbeaba4a9e4562fa4e4cd69, type: 3}
  m_Name: 
  m_EditorClassIdentifier: 
  _name: 4974656d20706f75636820286d656469756d29
  _description: 41206d656469756d20706f75636820636f6e7461696e696e67206974656d73
  _useCategoryCooldown: 1
  _overrideDropObjectPrefab: {fileID: 0}
  _icon: {fileID: 21300304, guid: bddecc020f6bf0445b97e3d1be62d39c, type: 3}
  _weight: 2
  _properties: []
  _usageRequirementProperties:
  - _propertyID: 3
    value: 8
    filterType: 2
  _buyPrice:
    _amount: 65
  _sellPrice:
    _amount: 9
  _isDroppable: 1
  _isSellable: 1
  _isStorable: 1
  _cooldownTime: 0
  audioClipWhenUsed:
    audioClip: {fileID: 8300000, guid: a0b11358bc4692643a1d6cf83844383f, type: 3}
    volume: 1
    pitch: 1
    loop: 0
  _items:
  - {fileID: 11439538, guid: b855851bf49ee9142aa3aa1f57a70a2d, type: 2}
  - {fileID: 11476484, guid: b9fc7d477df4a444593665a11edb2424, type: 2}
  generateItems: 1
  filterGroups:
  - filters:
    - restrictionType: 0
      filterType: 0
      stringValue: 446576646f672e496e76656e746f727953797374656d2e436f6e73756d61626c65496e76656e746f72794974656d2c20417373656d626c792d4353686172702c2056657273696f6e3d302e302e302e302c2043756c747572653d6e65757472616c2c205075626c69634b6579546f6b656e3d6e756c6c
      boolValue: 0
      floatValue: 0
      intValue: 0
    - restrictionType: 2
      filterType: 3
      stringValue: 
      boolValue: 0
      floatValue: 0
      intValue: 4
    matchType: 0
    minAmount: 2
    maxAmount: 5
    minStackSize: 1
    maxStackSize: 5
    itemsChanceFactor: 1
  - filters:
    - restrictionType: 0
      filterType: 0
      stringValue: 446576646f672e496e76656e746f727953797374656d2e45717569707061626c65496e76656e746f72794974656d2c20417373656d626c792d4353686172702c2056657273696f6e3d302e302e302e302c2043756c747572653d6e65757472616c2c205075626c69634b6579546f6b656e3d6e756c6c
      boolValue: 0
      floatValue: 0
      intValue: 0
    matchType: 0
    minAmount: 1
    maxAmount: 3
    minStackSize: 1
    maxStackSize: 1
    itemsChanceFactor: 1
  minAmountTotal: 2
  maxAmountTotal: 5
--- !u!135 &13554986
SphereCollider:
  m_ObjectHideFlags: 1
  m_PrefabParentObject: {fileID: 0}
  m_PrefabInternal: {fileID: 100100000}
  m_GameObject: {fileID: 164082}
  m_Material: {fileID: 0}
  m_IsTrigger: 1
  m_Enabled: 1
  serializedVersion: 2
  m_Radius: 0.5
  m_Center: {x: 0, y: 0, z: 0}
--- !u!1001 &100100000
Prefab:
  m_ObjectHideFlags: 1
  serializedVersion: 2
  m_Modification:
    m_TransformParent: {fileID: 0}
    m_Modifications:
    - target: {fileID: 0}
      propertyPath: _items.Array.size
      value: 2
      objectReference: {fileID: 0}
    - target: {fileID: 0}
      propertyPath: _properties.Array.size
      value: 0
      objectReference: {fileID: 0}
    - target: {fileID: 0}
      propertyPath: filterGroups.Array.size
      value: 2
      objectReference: {fileID: 0}
    - target: {fileID: 0}
      propertyPath: _requiredStats.Array.size
      value: 1
      objectReference: {fileID: 0}
    - target: {fileID: 0}
      propertyPath: _name
      value: Item pouch (medium)
      objectReference: {fileID: 0}
    - target: {fileID: 0}
      propertyPath: _description
      value: A medium pouch containing items
      objectReference: {fileID: 0}
    - target: {fileID: 0}
      propertyPath: _icon
      value: 
      objectReference: {fileID: 21300304, guid: bddecc020f6bf0445b97e3d1be62d39c,
        type: 3}
    - target: {fileID: 0}
      propertyPath: _weight
      value: 2
      objectReference: {fileID: 0}
    - target: {fileID: 0}
      propertyPath: _buyPrice._currencyID
      value: 3
      objectReference: {fileID: 0}
    - target: {fileID: 0}
      propertyPath: _buyPrice._amount
      value: 65
      objectReference: {fileID: 0}
    - target: {fileID: 0}
      propertyPath: _sellPrice._currencyID
      value: 3
      objectReference: {fileID: 0}
    - target: {fileID: 0}
      propertyPath: _sellPrice._amount
      value: 9
      objectReference: {fileID: 0}
    - target: {fileID: 0}
      propertyPath: audioClipWhenUsed
      value: 
      objectReference: {fileID: 8300000, guid: a0b11358bc4692643a1d6cf83844383f, type: 3}
    - target: {fileID: 0}
      propertyPath: filterGroups.Array.data[0].maxAmount
      value: 5
      objectReference: {fileID: 0}
    - target: {fileID: 0}
      propertyPath: filterGroups.Array.data[0].minAmount
      value: 2
      objectReference: {fileID: 0}
    - target: {fileID: 0}
      propertyPath: filterGroups.Array.data[0].maxStackSize
      value: 5
      objectReference: {fileID: 0}
    - target: {fileID: 0}
      propertyPath: filterGroups.Array.data[1].maxAmount
      value: 3
      objectReference: {fileID: 0}
    - target: {fileID: 0}
      propertyPath: filterGroups.Array.data[1].maxStackSize
      value: 1
      objectReference: {fileID: 0}
    - target: {fileID: 0}
      propertyPath: maxAmountTotal
      value: 5
      objectReference: {fileID: 0}
    - target: {fileID: 0}
      propertyPath: filterGroups.Array.data[0].filters.Array.data[1].intValue
      value: 4
      objectReference: {fileID: 0}
    - target: {fileID: 0}
      propertyPath: _properties.Array.data[0]._propertyID
      value: 2
      objectReference: {fileID: 0}
    - target: {fileID: 0}
      propertyPath: _properties.Array.data[0].actionEffect
      value: 1
      objectReference: {fileID: 0}
    - target: {fileID: 0}
      propertyPath: _requiredStats.Array.data[0]._propertyID
      value: 3
      objectReference: {fileID: 0}
    - target: {fileID: 0}
      propertyPath: _requiredStats.Array.data[1]._propertyID
      value: 2
      objectReference: {fileID: 0}
    - target: {fileID: 0}
      propertyPath: _requiredStats.Array.data[0].value
      value: -2
      objectReference: {fileID: 0}
    - target: {fileID: 0}
      propertyPath: _properties.Array.data[0].value
      value: -1
      objectReference: {fileID: 0}
    - target: {fileID: 0}
      propertyPath: _properties.Array.data[0].isFactor
      value: 0
      objectReference: {fileID: 0}
    - target: {fileID: 0}
      propertyPath: audioClipWhenUsed.audioClip
      value: 
      objectReference: {fileID: 8300000, guid: a0b11358bc4692643a1d6cf83844383f, type: 3}
    - target: {fileID: 0}
      propertyPath: _maxStackSize
      value: 99
      objectReference: {fileID: 0}
    - target: {fileID: 0}
      propertyPath: _usageRequirementProperties.Array.data[0]._propertyID
      value: 3
      objectReference: {fileID: 0}
    - target: {fileID: 0}
      propertyPath: _usageRequirementProperties.Array.data[0].value
      value: 8
      objectReference: {fileID: 0}
    m_RemovedComponents: []
  m_ParentPrefab: {fileID: 0}
  m_RootGameObject: {fileID: 164082}
  m_IsPrefabParent: 1
