%YAML 1.1
%TAG !u! tag:unity3d.com,2011:
--- !u!1 &159028
GameObject:
  m_ObjectHideFlags: 0
  m_PrefabParentObject: {fileID: 0}
  m_PrefabInternal: {fileID: 100100000}
  serializedVersion: 4
  m_Component:
  - 4: {fileID: 472054}
  - 33: {fileID: 3371782}
  - 65: {fileID: 6551978}
  - 23: {fileID: 2362368}
  - 114: {fileID: 11498664}
  - 114: {fileID: 11405762}
  - 135: {fileID: 13592298}
  - 54: {fileID: 5423622}
  m_Layer: 21
  m_Name: Item_pineapple_#16_ItemDatabase_PFB
  m_TagString: Untagged
  m_Icon: {fileID: 0}
  m_NavMeshLayer: 0
  m_StaticEditorFlags: 0
  m_IsActive: 0
--- !u!4 &472054
Transform:
  m_ObjectHideFlags: 1
  m_PrefabParentObject: {fileID: 0}
  m_PrefabInternal: {fileID: 100100000}
  m_GameObject: {fileID: 159028}
  m_LocalRotation: {x: 0, y: 0, z: 0, w: 1}
  m_LocalPosition: {x: 0, y: 0, z: 0}
  m_LocalScale: {x: 1, y: 1, z: 1}
  m_Children: []
  m_Father: {fileID: 0}
  m_RootOrder: 0
--- !u!23 &2362368
MeshRenderer:
  m_ObjectHideFlags: 1
  m_PrefabParentObject: {fileID: 0}
  m_PrefabInternal: {fileID: 100100000}
  m_GameObject: {fileID: 159028}
  m_Enabled: 1
  m_CastShadows: 1
  m_ReceiveShadows: 1
  m_Materials:
  - {fileID: 10303, guid: 0000000000000000f000000000000000, type: 0}
  m_SubsetIndices: 
  m_StaticBatchRoot: {fileID: 0}
  m_UseLightProbes: 1
  m_ReflectionProbeUsage: 1
  m_ProbeAnchor: {fileID: 0}
  m_ScaleInLightmap: 1
  m_PreserveUVs: 1
  m_IgnoreNormalsForChartDetection: 0
  m_ImportantGI: 0
  m_MinimumChartSize: 4
  m_AutoUVMaxDistance: 0.5
  m_AutoUVMaxAngle: 89
  m_LightmapParameters: {fileID: 0}
  m_SortingLayerID: 0
  m_SortingOrder: 0
--- !u!33 &3371782
MeshFilter:
  m_ObjectHideFlags: 1
  m_PrefabParentObject: {fileID: 0}
  m_PrefabInternal: {fileID: 100100000}
  m_GameObject: {fileID: 159028}
  m_Mesh: {fileID: 10202, guid: 0000000000000000e000000000000000, type: 0}
--- !u!54 &5423622
Rigidbody:
  m_ObjectHideFlags: 1
  m_PrefabParentObject: {fileID: 0}
  m_PrefabInternal: {fileID: 100100000}
  m_GameObject: {fileID: 159028}
  serializedVersion: 2
  m_Mass: 1
  m_Drag: 0
  m_AngularDrag: 0.05
  m_UseGravity: 1
  m_IsKinematic: 0
  m_Interpolate: 0
  m_Constraints: 0
  m_CollisionDetection: 0
--- !u!65 &6551978
BoxCollider:
  m_ObjectHideFlags: 1
  m_PrefabParentObject: {fileID: 0}
  m_PrefabInternal: {fileID: 100100000}
  m_GameObject: {fileID: 159028}
  m_Material: {fileID: 0}
  m_IsTrigger: 0
  m_Enabled: 1
  serializedVersion: 2
  m_Size: {x: 1, y: 1, z: 1}
  m_Center: {x: 0, y: 0, z: 0}
--- !u!114 &11405762
MonoBehaviour:
  m_ObjectHideFlags: 1
  m_PrefabParentObject: {fileID: 0}
  m_PrefabInternal: {fileID: 100100000}
  m_GameObject: {fileID: 159028}
  m_Enabled: 1
  m_EditorHideFlags: 0
  m_Script: {fileID: 11500000, guid: ba77e3e4ff91e1c408d6d8c5dd12ad13, type: 3}
  m_Name: 
  m_EditorClassIdentifier: 
--- !u!114 &11498664
MonoBehaviour:
  m_ObjectHideFlags: 1
  m_PrefabParentObject: {fileID: 0}
  m_PrefabInternal: {fileID: 100100000}
  m_GameObject: {fileID: 159028}
  m_Enabled: 1
  m_EditorHideFlags: 0
  m_Script: {fileID: 11500000, guid: 0ef96ba6ab2582f49821804c10688606, type: 3}
  m_Name: 
  m_EditorClassIdentifier: 
  _name: 50696e656170706c65
  _description: 4672756974792e2e2e
  _useCategoryCooldown: 1
  _overrideDropObjectPrefab: {fileID: 0}
  _icon: {fileID: 21300294, guid: bddecc020f6bf0445b97e3d1be62d39c, type: 3}
  _weight: 0.01
  _properties:
  - _propertyID: 4
    value: 312e33
    isFactor: 1
    actionEffect: 1
  _usageRequirementProperties: []
  _buyPrice:
    _amount: 1
  _sellPrice:
    _amount: 126
  _isDroppable: 1
  _isSellable: 1
  _isStorable: 1
  _cooldownTime: 0
  audioClipWhenUsed:
    audioClip: {fileID: 8300000, guid: d4117cb62c39c5543951841b2000f6b2, type: 3}
    volume: 1
    pitch: 1
    loop: 0
--- !u!135 &13592298
SphereCollider:
  m_ObjectHideFlags: 1
  m_PrefabParentObject: {fileID: 0}
  m_PrefabInternal: {fileID: 100100000}
  m_GameObject: {fileID: 159028}
  m_Material: {fileID: 0}
  m_IsTrigger: 1
  m_Enabled: 1
  serializedVersion: 2
  m_Radius: 0.5
  m_Center: {x: 0, y: 0, z: 0}
--- !u!1001 &100100000
Prefab:
  m_ObjectHideFlags: 1
  serializedVersion: 2
  m_Modification:
    m_TransformParent: {fileID: 0}
    m_Modifications:
    - target: {fileID: 0}
      propertyPath: _name
      value: Pineapple
      objectReference: {fileID: 0}
    - target: {fileID: 0}
      propertyPath: _description
      value: Fruity...
      objectReference: {fileID: 0}
    - target: {fileID: 0}
      propertyPath: _icon
      value: 
      objectReference: {fileID: 21300294, guid: bddecc020f6bf0445b97e3d1be62d39c,
        type: 3}
    - target: {fileID: 0}
      propertyPath: audioClipWhenUsed
      value: 
      objectReference: {fileID: 8300000, guid: d4117cb62c39c5543951841b2000f6b2, type: 3}
    - target: {fileID: 0}
      propertyPath: _category
      value: 6
      objectReference: {fileID: 0}
    - target: {fileID: 0}
      propertyPath: _maxStackSize
      value: 64
      objectReference: {fileID: 0}
    - target: {fileID: 0}
      propertyPath: _weight
      value: .00999999978
      objectReference: {fileID: 0}
    - target: {fileID: 0}
      propertyPath: _buyPrice
      value: 18
      objectReference: {fileID: 0}
    - target: {fileID: 0}
      propertyPath: _sellPrice
      value: 8
      objectReference: {fileID: 0}
    - target: {fileID: 0}
      propertyPath: m_IsActive
      value: 1
      objectReference: {fileID: 0}
    - target: {fileID: 0}
      propertyPath: _properties.Array.data[0].name
      value: Health
      objectReference: {fileID: 0}
    - target: {fileID: 0}
      propertyPath: _buyPrice._amount
      value: 1
      objectReference: {fileID: 0}
    - target: {fileID: 0}
      propertyPath: _sellPrice._amount
      value: 126
      objectReference: {fileID: 0}
    - target: {fileID: 0}
      propertyPath: _buyPrice._currencyID
      value: 3
      objectReference: {fileID: 0}
    - target: {fileID: 0}
      propertyPath: _properties.Array.data[0].category
      value: Player
      objectReference: {fileID: 0}
    - target: {fileID: 0}
      propertyPath: _properties.Array.data[0].valueStringFormat
      value: '{0}/{1}'
      objectReference: {fileID: 0}
    - target: {fileID: 0}
      propertyPath: _properties.Array.data[0].baseValue
      value: 100
      objectReference: {fileID: 0}
    - target: {fileID: 0}
      propertyPath: _properties.Array.data[0].maxValue
      value: 100
      objectReference: {fileID: 0}
    - target: {fileID: 0}
      propertyPath: _properties.Array.data[0].isFactor
      value: 0
      objectReference: {fileID: 0}
    - target: {fileID: 0}
      propertyPath: _properties.Array.data[0].property.name
      value: Strength
      objectReference: {fileID: 0}
    - target: {fileID: 0}
      propertyPath: _properties.Array.data[0].property.baseValue
      value: 5
      objectReference: {fileID: 0}
    - target: {fileID: 0}
      propertyPath: audioClipWhenUsed.audioClip
      value: 
      objectReference: {fileID: 8300000, guid: d4117cb62c39c5543951841b2000f6b2, type: 3}
    m_RemovedComponents: []
  m_ParentPrefab: {fileID: 0}
  m_RootGameObject: {fileID: 159028}
  m_IsPrefabParent: 1
