%YAML 1.1
%TAG !u! tag:unity3d.com,2011:
--- !u!1 &173228
GameObject:
  m_ObjectHideFlags: 0
  m_PrefabParentObject: {fileID: 0}
  m_PrefabInternal: {fileID: 100100000}
  serializedVersion: 4
  m_Component:
  - 4: {fileID: 451102}
  - 33: {fileID: 3387350}
  - 65: {fileID: 6550390}
  - 23: {fileID: 2313044}
  - 114: {fileID: 11476484}
  - 114: {fileID: 11411810}
  - 54: {fileID: 5417920}
  - 135: {fileID: 13553626}
  m_Layer: 0
  m_Name: Item_medium_bag_#6_ItemDatabase_PFB
  m_TagString: Untagged
  m_Icon: {fileID: 0}
  m_NavMeshLayer: 0
  m_StaticEditorFlags: 0
  m_IsActive: 0
--- !u!4 &451102
Transform:
  m_ObjectHideFlags: 1
  m_PrefabParentObject: {fileID: 0}
  m_PrefabInternal: {fileID: 100100000}
  m_GameObject: {fileID: 173228}
  m_LocalRotation: {x: 0, y: 0, z: 0, w: 1}
  m_LocalPosition: {x: 0.7596147, y: 0.9733863, z: -1.7094555}
  m_LocalScale: {x: 1, y: 1, z: 1}
  m_Children: []
  m_Father: {fileID: 0}
  m_RootOrder: 0
--- !u!23 &2313044
MeshRenderer:
  m_ObjectHideFlags: 1
  m_PrefabParentObject: {fileID: 0}
  m_PrefabInternal: {fileID: 100100000}
  m_GameObject: {fileID: 173228}
  m_Enabled: 1
  m_CastShadows: 1
  m_ReceiveShadows: 1
  m_Materials:
  - {fileID: 2100000, guid: 3fb6e5ed389d79d4998d8ef7b4b2f84e, type: 2}
  m_SubsetIndices: 
  m_StaticBatchRoot: {fileID: 0}
  m_UseLightProbes: 1
  m_ReflectionProbeUsage: 1
  m_ProbeAnchor: {fileID: 0}
  m_ScaleInLightmap: 1
  m_PreserveUVs: 0
  m_IgnoreNormalsForChartDetection: 0
  m_ImportantGI: 0
  m_MinimumChartSize: 4
  m_AutoUVMaxDistance: 0.5
  m_AutoUVMaxAngle: 89
  m_LightmapParameters: {fileID: 0}
  m_SortingLayerID: 0
  m_SortingOrder: 0
--- !u!33 &3387350
MeshFilter:
  m_ObjectHideFlags: 1
  m_PrefabParentObject: {fileID: 0}
  m_PrefabInternal: {fileID: 100100000}
  m_GameObject: {fileID: 173228}
  m_Mesh: {fileID: 10202, guid: 0000000000000000e000000000000000, type: 0}
--- !u!54 &5417920
Rigidbody:
  m_ObjectHideFlags: 1
  m_PrefabParentObject: {fileID: 0}
  m_PrefabInternal: {fileID: 100100000}
  m_GameObject: {fileID: 173228}
  serializedVersion: 2
  m_Mass: 1
  m_Drag: 0
  m_AngularDrag: 0.05
  m_UseGravity: 1
  m_IsKinematic: 1
  m_Interpolate: 0
  m_Constraints: 0
  m_CollisionDetection: 0
--- !u!65 &6550390
BoxCollider:
  m_ObjectHideFlags: 1
  m_PrefabParentObject: {fileID: 0}
  m_PrefabInternal: {fileID: 100100000}
  m_GameObject: {fileID: 173228}
  m_Material: {fileID: 0}
  m_IsTrigger: 0
  m_Enabled: 1
  serializedVersion: 2
  m_Size: {x: 1, y: 1, z: 1}
  m_Center: {x: 0, y: 0, z: 0}
--- !u!114 &11411810
MonoBehaviour:
  m_ObjectHideFlags: 1
  m_PrefabParentObject: {fileID: 0}
  m_PrefabInternal: {fileID: 100100000}
  m_GameObject: {fileID: 173228}
  m_Enabled: 1
  m_EditorHideFlags: 0
  m_Script: {fileID: 11500000, guid: ba77e3e4ff91e1c408d6d8c5dd12ad13, type: 3}
  m_Name: 
  m_EditorClassIdentifier: 
--- !u!114 &11476484
MonoBehaviour:
  m_ObjectHideFlags: 1
  m_PrefabParentObject: {fileID: 0}
  m_PrefabInternal: {fileID: 100100000}
  m_GameObject: {fileID: 173228}
  m_Enabled: 1
  m_EditorHideFlags: 0
  m_Script: {fileID: 11500000, guid: 7bd7d7a954facc14b8ebd8a432c5b0f8, type: 3}
  m_Name: 
  m_EditorClassIdentifier: 
  _name: 4d656469756d20626167
  _description: 41206d656469756d20626167
  _useCategoryCooldown: 1
  _overrideDropObjectPrefab: {fileID: 0}
  _icon: {fileID: 21300306, guid: bddecc020f6bf0445b97e3d1be62d39c, type: 3}
  _weight: 2
  _properties: []
  _usageRequirementProperties: []
  _buyPrice:
    _amount: 26
  _sellPrice:
    _amount: 16
  _isDroppable: 1
  _isSellable: 1
  _isStorable: 1
  _cooldownTime: 20
  playOnEquip:
    audioClip: {fileID: 0}
    volume: 1
    pitch: 1
    loop: 0
--- !u!135 &13553626
SphereCollider:
  m_ObjectHideFlags: 1
  m_PrefabParentObject: {fileID: 0}
  m_PrefabInternal: {fileID: 100100000}
  m_GameObject: {fileID: 173228}
  m_Material: {fileID: 0}
  m_IsTrigger: 1
  m_Enabled: 1
  serializedVersion: 2
  m_Radius: 0.8
  m_Center: {x: 0, y: 0, z: 0}
--- !u!1001 &100100000
Prefab:
  m_ObjectHideFlags: 1
  serializedVersion: 2
  m_Modification:
    m_TransformParent: {fileID: 0}
    m_Modifications:
    - target: {fileID: 0}
      propertyPath: _properties.Array.size
      value: 0
      objectReference: {fileID: 0}
    - target: {fileID: 0}
      propertyPath: m_IsTrigger
      value: 1
      objectReference: {fileID: 0}
    - target: {fileID: 0}
      propertyPath: m_IsActive
      value: 1
      objectReference: {fileID: 0}
    - target: {fileID: 0}
      propertyPath: m_Radius
      value: .800000012
      objectReference: {fileID: 0}
    - target: {fileID: 0}
      propertyPath: _properties.Array.data[0].name
      value: Strength
      objectReference: {fileID: 0}
    - target: {fileID: 0}
      propertyPath: _properties.Array.data[0].category
      value: Default
      objectReference: {fileID: 0}
    - target: {fileID: 0}
      propertyPath: _properties.Array.data[0].showInUI
      value: 1
      objectReference: {fileID: 0}
    - target: {fileID: 0}
      propertyPath: _properties.Array.data[0].useInStats
      value: 1
      objectReference: {fileID: 0}
    - target: {fileID: 0}
      propertyPath: _properties.Array.data[0].color.r
      value: 1
      objectReference: {fileID: 0}
    - target: {fileID: 0}
      propertyPath: _properties.Array.data[0].color.g
      value: 1
      objectReference: {fileID: 0}
    - target: {fileID: 0}
      propertyPath: _properties.Array.data[0].color.b
      value: 1
      objectReference: {fileID: 0}
    - target: {fileID: 0}
      propertyPath: _properties.Array.data[0].color.a
      value: 1
      objectReference: {fileID: 0}
    - target: {fileID: 0}
      propertyPath: _properties.Array.data[0].maxValue
      value: 100
      objectReference: {fileID: 0}
    - target: {fileID: 0}
      propertyPath: _properties.Array.data[0].actionEffect
      value: 1
      objectReference: {fileID: 0}
    - target: {fileID: 0}
      propertyPath: _buyPrice._amount
      value: 26
      objectReference: {fileID: 0}
    - target: {fileID: 0}
      propertyPath: _sellPrice._amount
      value: 16
      objectReference: {fileID: 0}
    - target: {fileID: 0}
      propertyPath: _buyPrice._currencyID
      value: 2
      objectReference: {fileID: 0}
    - target: {fileID: 0}
      propertyPath: _sellPrice._currencyID
      value: 2
      objectReference: {fileID: 0}
    - target: {fileID: 0}
      propertyPath: _category
      value: 0
      objectReference: {fileID: 0}
    - target: {fileID: 0}
      propertyPath: playOnEquip.audioClip
      value: 
      objectReference: {fileID: 8300000, guid: 10b5f41afe23d724e868d85fb7eae3d5, type: 3}
    - target: {fileID: 0}
      propertyPath: _layoutSizeCols
      value: 2
      objectReference: {fileID: 0}
    m_RemovedComponents: []
  m_ParentPrefab: {fileID: 0}
  m_RootGameObject: {fileID: 173228}
  m_IsPrefabParent: 1
