%YAML 1.1
%TAG !u! tag:unity3d.com,2011:
--- !u!1 &122846
GameObject:
  m_ObjectHideFlags: 0
  m_PrefabParentObject: {fileID: 0}
  m_PrefabInternal: {fileID: 100100000}
  serializedVersion: 4
  m_Component:
  - 4: {fileID: 446400}
  - 33: {fileID: 3370462}
  - 23: {fileID: 2333504}
  - 54: {fileID: 5429240}
  - 114: {fileID: 11442764}
  - 114: {fileID: 11438446}
  - 65: {fileID: 6524082}
  - 135: {fileID: 13531046}
  m_Layer: 0
  m_Name: Item_dagger_#12_ItemDatabase_PFB
  m_TagString: Untagged
  m_Icon: {fileID: 0}
  m_NavMeshLayer: 0
  m_StaticEditorFlags: 0
  m_IsActive: 1
--- !u!4 &446400
Transform:
  m_ObjectHideFlags: 1
  m_PrefabParentObject: {fileID: 0}
  m_PrefabInternal: {fileID: 100100000}
  m_GameObject: {fileID: 122846}
  m_LocalRotation: {x: -0.7071068, y: 0, z: -0, w: 0.7071068}
  m_LocalPosition: {x: -1.086, y: 0.102, z: -4.717}
  m_LocalScale: {x: 1, y: 1, z: 1}
  m_Children: []
  m_Father: {fileID: 0}
  m_RootOrder: 0
--- !u!23 &2333504
MeshRenderer:
  m_ObjectHideFlags: 1
  m_PrefabParentObject: {fileID: 0}
  m_PrefabInternal: {fileID: 100100000}
  m_GameObject: {fileID: 122846}
  m_Enabled: 1
  m_CastShadows: 1
  m_ReceiveShadows: 1
  m_Materials:
  - {fileID: 2100000, guid: ea5780ba96e281c44bc7c4b39fd40b3c, type: 2}
  m_SubsetIndices: 
  m_StaticBatchRoot: {fileID: 0}
  m_UseLightProbes: 1
  m_ReflectionProbeUsage: 1
  m_ProbeAnchor: {fileID: 0}
  m_ScaleInLightmap: 1
  m_PreserveUVs: 0
  m_IgnoreNormalsForChartDetection: 0
  m_ImportantGI: 0
  m_MinimumChartSize: 4
  m_AutoUVMaxDistance: 0.5
  m_AutoUVMaxAngle: 89
  m_LightmapParameters: {fileID: 0}
  m_SortingLayerID: 0
  m_SortingOrder: 0
--- !u!33 &3370462
MeshFilter:
  m_ObjectHideFlags: 1
  m_PrefabParentObject: {fileID: 0}
  m_PrefabInternal: {fileID: 100100000}
  m_GameObject: {fileID: 122846}
  m_Mesh: {fileID: 4300000, guid: a54e3bfbb4f6ddf4d8e887fd024efec6, type: 3}
--- !u!54 &5429240
Rigidbody:
  m_ObjectHideFlags: 1
  m_PrefabParentObject: {fileID: 0}
  m_PrefabInternal: {fileID: 100100000}
  m_GameObject: {fileID: 122846}
  serializedVersion: 2
  m_Mass: 1
  m_Drag: 0
  m_AngularDrag: 0.05
  m_UseGravity: 1
  m_IsKinematic: 0
  m_Interpolate: 0
  m_Constraints: 0
  m_CollisionDetection: 0
--- !u!65 &6524082
BoxCollider:
  m_ObjectHideFlags: 1
  m_PrefabParentObject: {fileID: 0}
  m_PrefabInternal: {fileID: 100100000}
  m_GameObject: {fileID: 122846}
  m_Material: {fileID: 0}
  m_IsTrigger: 0
  m_Enabled: 1
  serializedVersion: 2
  m_Size: {x: 0.187, y: 0.6273199, z: 0.079771385}
  m_Center: {x: 0.00027915463, y: 0.21571444, z: -0.00032551968}
--- !u!114 &11438446
MonoBehaviour:
  m_ObjectHideFlags: 1
  m_PrefabParentObject: {fileID: 0}
  m_PrefabInternal: {fileID: 100100000}
  m_GameObject: {fileID: 122846}
  m_Enabled: 1
  m_EditorHideFlags: 0
  m_Script: {fileID: 11500000, guid: 3c3f827c7ef6b6146bd814e400dae5c0, type: 3}
  m_Name: 
  m_EditorClassIdentifier: 
  _name: 446167676572
  _description: 53696d706c6520646167676572
  _useCategoryCooldown: 1
  _overrideDropObjectPrefab: {fileID: 0}
  _icon: {fileID: 21300314, guid: bddecc020f6bf0445b97e3d1be62d39c, type: 3}
  _weight: 2
  _properties:
  - _propertyID: 3
    value: 34
    isFactor: 0
    actionEffect: 1
  _usageRequirementProperties:
  - _propertyID: 3
    value: 4
    filterType: 2
  _buyPrice:
    _amount: 40
  _sellPrice:
    _amount: 36
  _isDroppable: 1
  _isSellable: 1
  _isStorable: 1
  _cooldownTime: 0
  _equipType: 6
  playOnEquip:
    audioClip: {fileID: 8300000, guid: 10b5f41afe23d724e868d85fb7eae3d5, type: 3}
    volume: 1
    pitch: 1
    loop: 0
  equipVisually: 1
  equipPosition: {x: 0, y: 0, z: 0}
  equipRotation: {x: 0.5804301, y: 0.39984363, z: 0.5906032, w: 0.39295536}
--- !u!114 &11442764
MonoBehaviour:
  m_ObjectHideFlags: 1
  m_PrefabParentObject: {fileID: 0}
  m_PrefabInternal: {fileID: 100100000}
  m_GameObject: {fileID: 122846}
  m_Enabled: 1
  m_EditorHideFlags: 0
  m_Script: {fileID: 11500000, guid: ba77e3e4ff91e1c408d6d8c5dd12ad13, type: 3}
  m_Name: 
  m_EditorClassIdentifier: 
--- !u!135 &13531046
SphereCollider:
  m_ObjectHideFlags: 1
  m_PrefabParentObject: {fileID: 0}
  m_PrefabInternal: {fileID: 100100000}
  m_GameObject: {fileID: 122846}
  m_Material: {fileID: 0}
  m_IsTrigger: 1
  m_Enabled: 1
  serializedVersion: 2
  m_Radius: 0.31365994
  m_Center: {x: 0.00027915463, y: 0.21571444, z: -0.00032551968}
--- !u!1001 &100100000
Prefab:
  m_ObjectHideFlags: 1
  serializedVersion: 2
  m_Modification:
    m_TransformParent: {fileID: 0}
    m_Modifications:
    - target: {fileID: 0}
      propertyPath: m_IsTrigger
      value: 1
      objectReference: {fileID: 0}
    - target: {fileID: 0}
      propertyPath: m_IsActive
      value: 1
      objectReference: {fileID: 0}
    - target: {fileID: 0}
      propertyPath: _properties.Array.data[0].name
      value: Strength
      objectReference: {fileID: 0}
    - target: {fileID: 0}
      propertyPath: equipPosition.x
      value: 0
      objectReference: {fileID: 0}
    - target: {fileID: 0}
      propertyPath: equipPosition.y
      value: 0
      objectReference: {fileID: 0}
    - target: {fileID: 0}
      propertyPath: equipPosition.z
      value: 0
      objectReference: {fileID: 0}
    - target: {fileID: 0}
      propertyPath: equipRotation.x
      value: 0
      objectReference: {fileID: 0}
    - target: {fileID: 0}
      propertyPath: equipRotation.w
      value: 1
      objectReference: {fileID: 0}
    - target: {fileID: 0}
      propertyPath: _buyPrice._amount
      value: 40
      objectReference: {fileID: 0}
    - target: {fileID: 0}
      propertyPath: _sellPrice._amount
      value: 36
      objectReference: {fileID: 0}
    - target: {fileID: 0}
      propertyPath: _buyPrice._currencyID
      value: 3
      objectReference: {fileID: 0}
    - target: {fileID: 0}
      propertyPath: _sellPrice._currencyID
      value: 3
      objectReference: {fileID: 0}
    - target: {fileID: 0}
      propertyPath: _properties.Array.data[0].baseValue
      value: 5
      objectReference: {fileID: 0}
    - target: {fileID: 0}
      propertyPath: _properties.Array.data[0].maxValue
      value: 100
      objectReference: {fileID: 0}
    - target: {fileID: 0}
      propertyPath: playOnEquip.audioClip
      value: 
      objectReference: {fileID: 8300000, guid: 10b5f41afe23d724e868d85fb7eae3d5, type: 3}
    - target: {fileID: 0}
      propertyPath: _usageRequirementProperties.Array.data[0]._propertyID
      value: 3
      objectReference: {fileID: 0}
    - target: {fileID: 0}
      propertyPath: _usageRequirementProperties.Array.data[0].value
      value: 4
      objectReference: {fileID: 0}
    m_RemovedComponents: []
  m_ParentPrefab: {fileID: 0}
  m_RootGameObject: {fileID: 122846}
  m_IsPrefabParent: 1
