%YAML 1.1
%TAG !u! tag:unity3d.com,2011:
--- !u!1 &168030
GameObject:
  m_ObjectHideFlags: 0
  m_PrefabParentObject: {fileID: 0}
  m_PrefabInternal: {fileID: 100100000}
  serializedVersion: 4
  m_Component:
  - 4: {fileID: 486160}
  - 33: {fileID: 3358850}
  - 65: {fileID: 6563026}
  - 23: {fileID: 2304046}
  - 114: {fileID: 11439538}
  - 114: {fileID: 11447136}
  - 54: {fileID: 5428414}
  - 135: {fileID: 13594582}
  m_Layer: 0
  m_Name: Item_boots_#1_ItemDatabase_PFB
  m_TagString: Untagged
  m_Icon: {fileID: 0}
  m_NavMeshLayer: 0
  m_StaticEditorFlags: 0
  m_IsActive: 0
--- !u!4 &486160
Transform:
  m_ObjectHideFlags: 1
  m_PrefabParentObject: {fileID: 0}
  m_PrefabInternal: {fileID: 100100000}
  m_GameObject: {fileID: 168030}
  m_LocalRotation: {x: 0, y: 0, z: 0, w: 1}
  m_LocalPosition: {x: 0, y: 0, z: 0}
  m_LocalScale: {x: 1, y: 1, z: 1}
  m_Children: []
  m_Father: {fileID: 0}
  m_RootOrder: 0
--- !u!23 &2304046
MeshRenderer:
  m_ObjectHideFlags: 1
  m_PrefabParentObject: {fileID: 0}
  m_PrefabInternal: {fileID: 100100000}
  m_GameObject: {fileID: 168030}
  m_Enabled: 1
  m_CastShadows: 1
  m_ReceiveShadows: 1
  m_Materials:
  - {fileID: 10303, guid: 0000000000000000f000000000000000, type: 0}
  m_SubsetIndices: 
  m_StaticBatchRoot: {fileID: 0}
  m_UseLightProbes: 1
  m_ReflectionProbeUsage: 1
  m_ProbeAnchor: {fileID: 0}
  m_ScaleInLightmap: 1
  m_PreserveUVs: 1
  m_IgnoreNormalsForChartDetection: 0
  m_ImportantGI: 0
  m_MinimumChartSize: 4
  m_AutoUVMaxDistance: 0.5
  m_AutoUVMaxAngle: 89
  m_LightmapParameters: {fileID: 0}
  m_SortingLayerID: 0
  m_SortingOrder: 0
--- !u!33 &3358850
MeshFilter:
  m_ObjectHideFlags: 1
  m_PrefabParentObject: {fileID: 0}
  m_PrefabInternal: {fileID: 100100000}
  m_GameObject: {fileID: 168030}
  m_Mesh: {fileID: 10202, guid: 0000000000000000e000000000000000, type: 0}
--- !u!54 &5428414
Rigidbody:
  m_ObjectHideFlags: 1
  m_PrefabParentObject: {fileID: 0}
  m_PrefabInternal: {fileID: 100100000}
  m_GameObject: {fileID: 168030}
  serializedVersion: 2
  m_Mass: 1
  m_Drag: 0
  m_AngularDrag: 0.05
  m_UseGravity: 1
  m_IsKinematic: 1
  m_Interpolate: 0
  m_Constraints: 0
  m_CollisionDetection: 0
--- !u!65 &6563026
BoxCollider:
  m_ObjectHideFlags: 1
  m_PrefabParentObject: {fileID: 0}
  m_PrefabInternal: {fileID: 100100000}
  m_GameObject: {fileID: 168030}
  m_Material: {fileID: 0}
  m_IsTrigger: 0
  m_Enabled: 1
  serializedVersion: 2
  m_Size: {x: 1, y: 1, z: 1}
  m_Center: {x: 0, y: 0, z: 0}
--- !u!114 &11439538
MonoBehaviour:
  m_ObjectHideFlags: 1
  m_PrefabParentObject: {fileID: 0}
  m_PrefabInternal: {fileID: 100100000}
  m_GameObject: {fileID: 168030}
  m_Enabled: 1
  m_EditorHideFlags: 0
  m_Script: {fileID: 11500000, guid: 3c3f827c7ef6b6146bd814e400dae5c0, type: 3}
  m_Name: 
  m_EditorClassIdentifier: 
  _name: 426f6f7473
  _description: 53696d706c6520626f6f7473
  _useCategoryCooldown: 1
  _overrideDropObjectPrefab: {fileID: 0}
  _icon: {fileID: 21300326, guid: bddecc020f6bf0445b97e3d1be62d39c, type: 3}
  _weight: 1
  _properties:
  - _propertyID: 8
    value: 3130
    isFactor: 0
    actionEffect: 1
  _usageRequirementProperties: []
  _buyPrice:
    _amount: 9
  _sellPrice:
    _amount: 6
  _isDroppable: 1
  _isSellable: 1
  _isStorable: 1
  _cooldownTime: 0
  _equipType: 3
  playOnEquip:
    audioClip: {fileID: 8300000, guid: 10b5f41afe23d724e868d85fb7eae3d5, type: 3}
    volume: 1
    pitch: 1
    loop: 0
  equipVisually: 0
  equipPosition: {x: 0, y: 0, z: 0}
  equipRotation: {x: 0, y: 0, z: 0, w: 0}
--- !u!114 &11447136
MonoBehaviour:
  m_ObjectHideFlags: 1
  m_PrefabParentObject: {fileID: 0}
  m_PrefabInternal: {fileID: 100100000}
  m_GameObject: {fileID: 168030}
  m_Enabled: 1
  m_EditorHideFlags: 0
  m_Script: {fileID: 11500000, guid: ba77e3e4ff91e1c408d6d8c5dd12ad13, type: 3}
  m_Name: 
  m_EditorClassIdentifier: 
--- !u!135 &13594582
SphereCollider:
  m_ObjectHideFlags: 1
  m_PrefabParentObject: {fileID: 0}
  m_PrefabInternal: {fileID: 100100000}
  m_GameObject: {fileID: 168030}
  m_Material: {fileID: 0}
  m_IsTrigger: 1
  m_Enabled: 1
  serializedVersion: 2
  m_Radius: 0.8
  m_Center: {x: 0, y: 0, z: 0}
--- !u!1001 &100100000
Prefab:
  m_ObjectHideFlags: 1
  serializedVersion: 2
  m_Modification:
    m_TransformParent: {fileID: 0}
    m_Modifications:
    - target: {fileID: 0}
      propertyPath: _properties.Array.size
      value: 2
      objectReference: {fileID: 0}
    - target: {fileID: 0}
      propertyPath: equipVisually
      value: 0
      objectReference: {fileID: 0}
    - target: {fileID: 0}
      propertyPath: m_IsTrigger
      value: 1
      objectReference: {fileID: 0}
    - target: {fileID: 0}
      propertyPath: m_IsActive
      value: 1
      objectReference: {fileID: 0}
    - target: {fileID: 0}
      propertyPath: m_Radius
      value: .800000012
      objectReference: {fileID: 0}
    - target: {fileID: 0}
      propertyPath: _properties.Array.data[2].ID
      value: 6
      objectReference: {fileID: 0}
    - target: {fileID: 0}
      propertyPath: _properties.Array.data[2].name
      value: 123
      objectReference: {fileID: 0}
    - target: {fileID: 0}
      propertyPath: _properties.Array.data[2].category
      value: Default
      objectReference: {fileID: 0}
    - target: {fileID: 0}
      propertyPath: _properties.Array.data[2].value
      value: 1.1
      objectReference: {fileID: 0}
    - target: {fileID: 0}
      propertyPath: _properties.Array.data[2].showInUI
      value: 1
      objectReference: {fileID: 0}
    - target: {fileID: 0}
      propertyPath: _properties.Array.data[2].useInStats
      value: 1
      objectReference: {fileID: 0}
    - target: {fileID: 0}
      propertyPath: _properties.Array.data[2].color.r
      value: 1
      objectReference: {fileID: 0}
    - target: {fileID: 0}
      propertyPath: _properties.Array.data[2].color.g
      value: 1
      objectReference: {fileID: 0}
    - target: {fileID: 0}
      propertyPath: _properties.Array.data[2].color.b
      value: 1
      objectReference: {fileID: 0}
    - target: {fileID: 0}
      propertyPath: _properties.Array.data[2].color.a
      value: 1
      objectReference: {fileID: 0}
    - target: {fileID: 0}
      propertyPath: _properties.Array.data[2].maxValue
      value: 100
      objectReference: {fileID: 0}
    - target: {fileID: 0}
      propertyPath: _properties.Array.data[2].isFactor
      value: 1
      objectReference: {fileID: 0}
    - target: {fileID: 0}
      propertyPath: _properties.Array.data[2].actionEffect
      value: 1
      objectReference: {fileID: 0}
    - target: {fileID: 0}
      propertyPath: _properties.Array.data[0].name
      value: Dexterity
      objectReference: {fileID: 0}
    - target: {fileID: 0}
      propertyPath: _properties.Array.data[1].name
      value: Agility
      objectReference: {fileID: 0}
    - target: {fileID: 0}
      propertyPath: _buyPrice._amount
      value: 9
      objectReference: {fileID: 0}
    - target: {fileID: 0}
      propertyPath: _sellPrice._amount
      value: 6
      objectReference: {fileID: 0}
    - target: {fileID: 0}
      propertyPath: _buyPrice._currencyID
      value: 3
      objectReference: {fileID: 0}
    - target: {fileID: 0}
      propertyPath: _sellPrice._currencyID
      value: 3
      objectReference: {fileID: 0}
    - target: {fileID: 0}
      propertyPath: _properties.Array.data[0].baseValue
      value: 5
      objectReference: {fileID: 0}
    - target: {fileID: 0}
      propertyPath: _properties.Array.data[0].maxValue
      value: 100
      objectReference: {fileID: 0}
    - target: {fileID: 0}
      propertyPath: _properties.Array.data[0].isFactor
      value: 1
      objectReference: {fileID: 0}
    - target: {fileID: 0}
      propertyPath: _properties.Array.data[1].baseValue
      value: 5
      objectReference: {fileID: 0}
    - target: {fileID: 0}
      propertyPath: _properties.Array.data[1].maxValue
      value: 100
      objectReference: {fileID: 0}
    - target: {fileID: 0}
      propertyPath: _properties.Array.data[2].valueStringFormat
      value: '{0}'
      objectReference: {fileID: 0}
    - target: {fileID: 0}
      propertyPath: _properties.Array.data[0].ID
      value: 1
      objectReference: {fileID: 0}
    - target: {fileID: 0}
      propertyPath: _properties.Array.data[0].value
      value: 1.1
      objectReference: {fileID: 0}
    - target: {fileID: 0}
      propertyPath: _properties.Array.data[1].ID
      value: 2
      objectReference: {fileID: 0}
    - target: {fileID: 0}
      propertyPath: _properties.Array.data[1].value
      value: 10
      objectReference: {fileID: 0}
    - target: {fileID: 0}
      propertyPath: _properties.Array.data[0].property.name
      value: Health
      objectReference: {fileID: 0}
    - target: {fileID: 0}
      propertyPath: _properties.Array.data[0].property.baseValue
      value: 100
      objectReference: {fileID: 0}
    - target: {fileID: 0}
      propertyPath: _properties.Array.data[1].property.name
      value: Health
      objectReference: {fileID: 0}
    - target: {fileID: 0}
      propertyPath: _properties.Array.data[1].property.baseValue
      value: 100
      objectReference: {fileID: 0}
    - target: {fileID: 0}
      propertyPath: _properties.Array.data[0].property.category
      value: Player
      objectReference: {fileID: 0}
    - target: {fileID: 0}
      propertyPath: _properties.Array.data[0].property.valueStringFormat
      value: '{0}/{1}'
      objectReference: {fileID: 0}
    - target: {fileID: 0}
      propertyPath: _properties.Array.data[1].property.category
      value: Player
      objectReference: {fileID: 0}
    - target: {fileID: 0}
      propertyPath: _properties.Array.data[1].property.valueStringFormat
      value: '{0}/{1}'
      objectReference: {fileID: 0}
    - target: {fileID: 0}
      propertyPath: _properties.Array.data[1].isFactor
      value: 0
      objectReference: {fileID: 0}
    - target: {fileID: 0}
      propertyPath: playOnEquip.audioClip
      value: 
      objectReference: {fileID: 8300000, guid: 10b5f41afe23d724e868d85fb7eae3d5, type: 3}
    - target: {fileID: 0}
      propertyPath: _layoutSizeCols
      value: 2
      objectReference: {fileID: 0}
    m_RemovedComponents: []
  m_ParentPrefab: {fileID: 0}
  m_RootGameObject: {fileID: 168030}
  m_IsPrefabParent: 1
